% Encoding: UTF-8

@misc{urlRef,
	author = {autor},
	month = {12},
	title = {titel},
	url = {https://},
	urldate = {2021-02-07},
	year = {2017}
}

@Book{buchRef,
	title     = {titel},
	author    = {author},
	publisher = {verlag},
	ISBN	  = {isbn},
	year      = {2015}
}
